%---------- Articles ---------------------------
@article{nominal_unification,
title={Nominal unification},
author={Urban, Christian and Pitts, Andrew M and Gabbay, Murdoch J},
journal={Theoretical Computer Science},
volume={323},
number={1-3},
pages={473--497},
year={2004},
publisher={Elsevier}
}

@article{nominal_rewriting,
title={Nominal rewriting},
author={Fern{\'a}ndez, Maribel and Gabbay, Murdoch J},
journal={Information and Computation},
volume={205},
number={6},
pages={917--965},
year={2007},
publisher={Academic Press}
}

@article{nominal_c_unification,
title={Nominal C-Unification},
author={Ayala-Rinc{\'o}n, Mauricio and de Carvalho-Segundo, Washington and
Fern{\'a}ndez, Maribel and Nantes-Sobrinho, Daniele},
journal={arXiv preprint arXiv:1709.05384},
year={2017}
}

@article{pvs_nominal_unification,
title={Completeness in PVS of a nominal unification algorithm},
author={Ayala-Rinc{\'o}n, Mauricio and Fern{\'a}ndez, Maribel and Rocha-Oliveira,
Ana Cristina},
journal={Electronic Notes in Theoretical Computer Science},
volume={323},
pages={57--74},
year={2016},
publisher={Elsevier}
}
